@misc{referenciarobles1,
		author = {Josep Curto Díaz},
		title = {Introducción al Business Intelligence},
		year = {2010},
		howpublished = {Recuperado de  {https://n9.cl/nb6we}},
		note = {Accedido 18-08-2019}
	}


@misc{referenciarobles2,
		author = {José Miguel Rodríguez Parrilla},
		title = {Cómo Hacer Inteligente su Negocio: Business Intelligence a su alcance},
		year = {2014},
		howpublished = {Recuperado de  {https://n9.cl/m6u65}},
		note = {Accedido 18-08-2019}
	}

@misc{referenciarobles3,
		author = {Cindi Howson},
		title = {Estrategias para una implementación exitosa BI},
		year = {2012},
		howpublished = {Recuperado de  {https://n9.cl/r2tc}},
		note = {Accedido 18-08-2019}
	}

@misc{referenciaestrella1,
		author = {Leticia Calzada y José Luis Abreu},
		title = {El impacto de las herramientas de inteligencia de negocios en la toma de decisiones de los ejecutivos },
		year = {2009},
		howpublished = {Recuperado de  {https://n9.cl/2yla}},
		note = {Accedido 17-08-2019}
	}

@misc{referenciaestrella2,
		author = {Fabio Enrique Castro Rozo},
		title = {El Indicadores de gestión para la toma de decisiones basada en Inteligencia de Negociosimpacto de las herramientas de inteligencia de negocios en la toma de decisiones de los ejecutivos },
		year = {2013},
		howpublished = {Recuperado de  {https://n9.cl/muf30}},
		note = {Accedido 17-08-2019}
	}

@misc{referenciaestrella3,
		author = {Anthony J. Gómez Morales},
		title = {Inteligencia de negocios, una ventaja competitiva para las organizaciones },
		year = {2012},
		howpublished = {Recuperado de  {https://n9.cl/fpfs0}},
		note = {Accedido 17-08-2019}
	}

@misc{referenciasosa1,
		author = {Rafi Ahmad Khan, Adnan Nadeem, Arshad Ali},
		title = {Business Analytics: A Framework},
		year = {2019},
		howpublished = {Recuperado de  {https://n9.cl/1qs97}},
		note = {Accedido 16-05-2020}
	}
@misc{referenciasosa3,
		author = {Rennan Alcantara},
		title = {Business Analytics – Conocer el futuro de su negocio},
		year = {2017},
		howpublished = {Recuperado de  {https://www.scriptcaseblog.net/es/project-management-es/business-analytics-conocer-el-futuro-de-su-negocio/}},
		note = {Accedido 17-05-2020}
	}

@misc{referenciasosa2,
		author = {Marc Schniederjans, Dara Schniederjans, Christopher Starkey},
		title = {Business Analytics - Principles, Concepts, and Applications. WHAT, WHY and HOW},
		year = {2014},
		howpublished = {Recuperado de  {https://ptgmedia.pearsoncmg.com/images/9780133552188/samplepages/0133552187.pdf}},
		note = {Accedido 17-05-2020}
	} 

@misc{referenciajohanna1,
		author = {Jay Liebowitz},
		title = {Business Analytics: An Introduction},
		year = {2014},
		howpublished = {Recuperado de  {https://n9.cl/pnzm}},
		note = {Accedido 17-05-2020}
	} 